@Article{syb1,
  author    = "Ralf L{\"a}mmel and Simon {Peyton Jones}",
  title     = "Scrap your boilerplate:
               a practical design pattern for generic programming",
  journal   = "ACM SIG{\-}PLAN Notices",
  publisher = "ACM Press",
  volume    = "38",
  number    = "3",
  pages     = "26--37",
  month     = mar,
  year      = "2003",
  note      = "Proceedings of the ACM SIGPLAN Workshop
               on Types in Language Design and Implementation (TLDI~2003)"
}
